<record><leader>00000cas a2200000 a 4500</leader><controlfield tag="001">9680012</controlfield><controlfield tag="008">830708d18451848ohuwr ne      0    0eng c</controlfield><datafield ind1=" " ind2=" " tag="010"><subfield code="a">sn 83035329 </subfield></datafield><datafield ind1=" " ind2=" " tag="040"><subfield code="a">NPY</subfield><subfield code="b">eng</subfield><subfield code="c">NPY</subfield><subfield code="d">DLC</subfield><subfield code="d">ONP</subfield><subfield code="d">CUI</subfield><subfield code="d">OCLCQ</subfield><subfield code="d">OCLCF</subfield></datafield><datafield ind1="1" ind2=" " tag="029"><subfield code="a">AU@</subfield><subfield code="b">000025840720</subfield></datafield><datafield ind1=" " ind2=" " tag="042"><subfield code="a">pcc</subfield></datafield><datafield ind1=" " ind2=" " tag="043"><subfield code="a">n-us-oh</subfield></datafield><datafield ind1=" " ind2="4" tag="050"><subfield code="a">AN</subfield></datafield><datafield ind1="0" ind2=" " tag="130"><subfield code="a">Bee (Ripley, Ohio : 1845)</subfield></datafield><datafield ind1="1" ind2="4" tag="245"><subfield code="a">The Bee.</subfield></datafield><datafield ind1=" " ind2=" " tag="260"><subfield code="a">Ripley, Ohio :</subfield><subfield code="b">G.W. &amp; O.F. Shaw</subfield></datafield><datafield ind1=" " ind2=" " tag="300"><subfield code="a">v. ;</subfield><subfield code="c">56 cm.</subfield></datafield><datafield ind1=" " ind2=" " tag="310"><subfield code="a">Weekly</subfield></datafield><datafield ind1="1" ind2=" " tag="362"><subfield code="a">Began with Aug. 23, 1845 issue; ceased in 1848?</subfield></datafield><datafield ind1=" " ind2=" " tag="500"><subfield code="a">"Devoted to news, politics, literature, commerce, agriculture and the arts."</subfield></datafield><datafield ind1=" " ind2=" " tag="588"><subfield code="a">Description based on: Vol. 2, no. 23 (Jan. 23, 1847).</subfield></datafield><datafield ind1=" " ind2="0" tag="651"><subfield code="a">Ripley (Ohio)</subfield><subfield code="v">Newspapers.</subfield></datafield><datafield ind1=" " ind2="7" tag="655"><subfield code="a">Newspapers.</subfield><subfield code="2">fast</subfield><subfield code="0">(OCoLC)fst01423814</subfield></datafield><datafield ind1=" " ind2="7" tag="651"><subfield code="a">Ohio</subfield><subfield code="z">Ripley.</subfield><subfield code="2">fast</subfield><subfield code="0">(OCoLC)fst01262039</subfield></datafield><datafield ind1="1" ind2=" " tag="700"><subfield code="a">Shaw, George W.</subfield></datafield><datafield ind1="1" ind2=" " tag="700"><subfield code="a">Shaw, Oscar F.</subfield></datafield><datafield ind1=" " ind2=" " tag="752"><subfield code="a">United States</subfield><subfield code="b">Ohio</subfield><subfield code="c">Brown</subfield><subfield code="d">Ripley.</subfield></datafield><datafield ind1="0" ind2="0" tag="780"><subfield code="t">Political examiner (Georgetown, Ohio)</subfield><subfield code="w">(DLC)sn 83035307</subfield><subfield code="w">(OCoLC)9678409</subfield></datafield><datafield ind1="0" ind2="0" tag="785"><subfield code="t">Ripley bee (Ripley, Ohio : 1848)</subfield><subfield code="w">(DLC)sn 83035330</subfield><subfield code="w">(OCoLC)9680090</subfield></datafield></record>